<?xml version="1.0" encoding="UTF-8"?><collection xmlns="http://www.loc.gov/MARC21/slim"><record><leader>00448nam--2200157-i-4500</leader><controlfield tag="001">000000007</controlfield><controlfield tag="002">20161230</controlfield><controlfield tag="005">20170118113721</controlfield><controlfield tag="008">060222s1000------------r-----000-0-eng-d</controlfield><datafield ind1=" " ind2=" " tag="080"><subfield code="a">548.9(043)</subfield></datafield><datafield ind1=" " ind2=" " tag="100"><subfield code="a">Fruza, Stefan</subfield></datafield><datafield ind1=" " ind2=" " tag="245"><subfield code="a">Studiul unor fenomene electrooptice in cristale lichide</subfield><subfield code="b">Teza</subfield><subfield code="c">Stefan Frunza</subfield></datafield><datafield ind1=" " ind2=" " tag="260"><subfield code="a">Bucuresti</subfield><subfield code="b">Institutul Central de Fizica</subfield><subfield code="c">1987</subfield></datafield><datafield ind1=" " ind2=" " tag="300"><subfield code="a">122 P</subfield></datafield><datafield ind1=" " ind2=" " tag="852"><subfield code="a">74488</subfield><subfield code="c">548</subfield></datafield><datafield ind1=" " ind2=" " tag="CAT"><subfield code="a">SYS</subfield><subfield code="c">20170118</subfield><subfield code="h">113721</subfield></datafield></record></collection>